<?xml version="1.0" encoding="UTF-8"?><record xmlns="http://www.loc.gov/MARC21/slim" xmlns:cinclude="http://apache.org/cocoon/include/1.0" xmlns:zs="http://www.loc.gov/zing/srw/">
  <leader>01576cz  a2200217n  4500</leader>
  <controlfield tag="001">no2010162453</controlfield>
  <controlfield tag="003">DLC</controlfield>
  <controlfield tag="005">20120818083322.0</controlfield>
  <controlfield tag="008">101006n| acannaabn          |a aaa     c</controlfield>
  <datafield tag="010" ind1=" " ind2=" ">
    <subfield code="a">no2010162453</subfield>
  </datafield>
  <datafield tag="035" ind1=" " ind2=" ">
    <subfield code="a">(OCoLC)oca08648216</subfield>
  </datafield>
  <datafield tag="040" ind1=" " ind2=" ">
    <subfield code="a">WaBeW</subfield>
    <subfield code="b">eng</subfield>
    <subfield code="c">WaBeW</subfield>
    <subfield code="d">DLC</subfield>
  </datafield>
  <datafield tag="100" ind1="0" ind2=" ">
    <subfield code="a">T︠S︡ėrėnbat, M.</subfield>
    <subfield code="q">(Minzhu̇u̇riĭn),</subfield>
    <subfield code="c">Gėgėėntėn</subfield>
  </datafield>
  <datafield tag="378" ind1=" " ind2=" ">
    <subfield code="q">Minzhu̇u̇riĭn</subfield>
  </datafield>
  <datafield tag="400" ind1="0" ind2=" ">
    <subfield code="a">Gėgėėntėn ovgiĭn Minzhu̇u̇riĭn T︠S︡ėrėnbat</subfield>
  </datafield>
  <datafield tag="400" ind1="0" ind2=" ">
    <subfield code="a">M. T︠S︡ėrėnbat</subfield>
    <subfield code="q">(Minzhu̇u̇riĭn T︠S︡ėrėnbat),</subfield>
    <subfield code="c">Gėgėėntėn</subfield>
  </datafield>
  <datafield tag="400" ind1="0" ind2=" ">
    <subfield code="a">Minzhu̇u̇riĭn T︠S︡ėrėnbat,</subfield>
    <subfield code="c">Gėgėėntėn</subfield>
  </datafield>
  <datafield tag="400" ind1="0" ind2=" ">
    <subfield code="a">T︠S︡ėrėnbat, Minzhu̇u̇riĭn,</subfield>
    <subfield code="c">Gėgėėntėn</subfield>
  </datafield>
  <datafield tag="667" ind1=" " ind2=" ">
    <subfield code="a">THIS 1XX FIELD CANNOT BE USED UNDER RDA UNTIL THIS RECORD HAS BEEN REVIEWED AND/OR UPDATED</subfield>
  </datafield>
  <datafield tag="670" ind1=" " ind2=" ">
    <subfield code="a">Ėmnėlgiĭn ėrkh zu̇ĭ, c2009:</subfield>
    <subfield code="b">t.p. (M. T︠S︡ėrėnbat) verso t.p. (ĖMShUIS-iĭn Ėmgėg Sudlal Shu̇u̇kh Ėmnėlgiĭn Tėnkhmiĭn bagsh [instructor, Pathology &amp; Forensic Medicine Dept., Mongolian Health Sciences University], anagaakh ukhaany doktor [doctorate in medicine], ėrkh zu̇ich [lawyer]) p. 3 (Gėgėėntėn ovgiĭn Minzhu̇u̇riĭn T︠S︡ėrėnbat) p. 4 of cover (T︠S︡ėrėnbat; clan Gėgėėntėn; father's name Minzhu̇u̇r; M.D. 2003, law degree 2007, additional doctorate in medicine 2008)</subfield>
  </datafield>
  <datafield tag="675" ind1=" " ind2=" ">
    <subfield code="a">Nėrt Mongol khu̇mu̇u̇siĭn namtryn oĭllogo, 2000;</subfield>
    <subfield code="a">Kto estʹ kto v Mongolii, 2003;</subfield>
    <subfield code="a">Aldar gavʹi︠a︡atny ȯrgȯȯ, 2007;</subfield>
    <subfield code="a">Mongolyn zokhiolchdyn namtryn lavlakh bichig, 2008.</subfield>
  </datafield>
</record>